@article{Olston:2003,
 author = {Olston, Christopher and Chi, Ed H.},
 title = {ScentTrails: Integrating Browsing and Searching on the Web},
 journal = {ACM Trans. Comput.-Hum. Interact.},
 issue_date = {September 2003},
 volume = {10},
 number = {3},
 month = sep,
 year = {2003},
 issn = {1073-0516},
 pages = {177--197},
 numpages = {21},
 url = {http://doi.acm.org/10.1145/937549.937550},
 doi = {10.1145/937549.937550},
 acmid = {937550},
 publisher = {ACM},
 address = {New York, NY, USA},
 keywords = {ScentTrails, World Wide Web, browsing, information scent, searching},
} 
@incollection{Aggarwal:2012,
  added-at = {2012-02-18T00:00:00.000+0100},
  author = {Aggarwal, Charu C. and Zhai, ChengXiang},
  biburl = {http://www.bibsonomy.org/bibtex/28cfea77bb8aecd46ab2ba9db26c4338b/dblp},
  booktitle = {Mining Text Data},
  crossref = {books/sp/mining12},
  editor = {Aggarwal, Charu C. and Zhai, ChengXiang},
  ee = {http://dx.doi.org/10.1007/978-1-4614-3223-4\_4},
  interhash = {a8614bc450f82d917149afd58fabf02a},
  intrahash = {8cfea77bb8aecd46ab2ba9db26c4338b},
  isbn = {978-1-4419-8462-3},
  keywords = {dblp},
  pages = {77-128},
  publisher = {Springer},
  timestamp = {2012-02-21T11:35:00.000+0100},
  title = {A Survey of Text Clustering Algorithms.},
  url = {http://dblp.uni-trier.de/db/books/collections/Mining2012.html\#AggarwalZ12a},
  year = 2012
}

@Article{Fumarola:2015,
author="Fumarola, Fabio
and Lanotte, Pasqua Fabiana
and Ceci, Michelangelo
and Malerba, Donato",
title="CloFAST: closed sequential pattern mining using sparse and vertical id-lists",
journal="Knowledge and Information Systems",
year="2016",
issn="0219-3116",
doi="10.1007/s10115-015-0884-x",
url="http://dx.doi.org/10.1007/s10115-015-0884-x"
}

@article{Fang:2007,
title = {An empirical study of web site navigation structures' impacts on web site usability},
journal = {Decision Support Systems},
volume = {43},
number = {2},
pages = {476 - 491},
year = {2007},
note = {Emerging Issues in Collaborative Commerce},
issn = {0167-9236},
doi = {http://dx.doi.org/10.1016/j.dss.2006.11.004},
url = {http://www.sciencedirect.com/science/article/pii/S0167923606001850",
author = {Xiang, Fang and Clyde, Holsapple},
}

@inproceedings{Zhai:2005,
 author = {Zhai, Yanhong and Liu, Bing},
 title = {Web Data Extraction Based on Partial Tree Alignment},
 booktitle = {Proceedings of the 14th International Conference on World Wide Web},
 series = {WWW '05},
 year = {2005},
 isbn = {1-59593-046-9},
 location = {Chiba, Japan},
 pages = {76--85},
 numpages = {10},
 url = {http://doi.acm.org/10.1145/1060745.1060761},
 doi = {10.1145/1060745.1060761},
 acmid = {1060761},
 publisher = {ACM},
 address = {New York, NY, USA},
 keywords = {data extraction, data record extraction, wrapper},
} 


@article{miao2009,
  added-at = {2013-04-04T20:20:40.000+0200},
  author = {Miao, Gengxin and Tatemura, J and Hsiung, WP},
  biburl = {http://www.bibsonomy.org/bibtex/2b4729803dc08643c29b77f6e27fd50f3/tomasg},
  interhash = {af94556be6798dc96ef24fe1a4a829ff},
  intrahash = {b4729803dc08643c29b77f6e27fd50f3},
  isbn = {9781605584874},
  journal = {The World Wide Web Conference},
  keywords = {clustering,data extraction extraction,information record},
  pages = {981--990},
  timestamp = {2013-04-04T20:20:40.000+0200},
  title = {{Extracting data records from the web using tag path clustering}},
  url = {http://dl.acm.org/citation.cfm?id=1526709.1526841},
  year = 2009
}

@inproceedings{Maximilien:2007,
 author = {Maximilien, E. Michael and Ranabahu, Ajith},
 title = {The ProgrammableWeb: Agile, Social, and Grassroot Computing},
 booktitle = {Proceedings of the International Conference on Semantic Computing},
 series = {ICSC '07},
 year = {2007},
 isbn = {0-7695-2997-6},
 pages = {477--481},
 numpages = {5},
 url = {http://dx.doi.org/10.1109/ICSC.2007.98},
 doi = {10.1109/ICSC.2007.98},
 acmid = {1306373},
 publisher = {IEEE Computer Society},
 address = {Washington, DC, USA},
} 

@inproceedings{Liu2003,
 author = {Liu, Bing and Grossman, Robert and Zhai, Yanhong},
 title = {Mining data records in Web pages},
 booktitle = {Proceedings of the ninth ACM SIGKDD international conference on Knowledge discovery and data mining},
 series = {KDD '03},
 year = {2003},
 isbn = {1-58113-737-0},
 location = {Washington, D.C.},
 pages = {601--606},
 numpages = {6},
 url = {http://doi.acm.org/10.1145/956750.956826},
 doi = {10.1145/956750.956826},
 acmid = {956826},
 publisher = {ACM},
 address = {New York, NY, USA},
 keywords = {Web data records, Web information integration, Web mining},
}


@article{alvarez2008,
  added-at = {2013-04-04T20:20:40.000+0200},
  author = {\'{A}lvarez, Manuel and Pan, Alberto and Raposo, Juan and Bellas, Fernando and Cacheda, Fidel},
  biburl = {http://www.bibsonomy.org/bibtex/26feb14d1d7c2c6d173023c579881c6d3/tomasg},
  doi = {10.1016/j.datak.2007.10.002},
  file = {:C$\backslash$:/Users/Tomas/AppData/Local/Mendeley Ltd./Mendeley Desktop/Downloaded/\'{A}lvarez et al. - 2008 - Extracting lists of data records from semi-structured web pages.pdf:pdf},
  interhash = {8137fdb8bd0ee431782fd0899483e8af},
  intrahash = {6feb14d1d7c2c6d173023c579881c6d3},
  issn = {0169023X},
  journal = {Data \& Knowledge Engineering},
  keywords = {data extraction,data information information,web-based mining,web,web-based systems},
  month = feb,
  number = 2,
  pages = {491--509},
  timestamp = {2013-04-04T20:20:40.000+0200},
  title = {{Extracting lists of data records from semi-structured web pages}},
  url = {http://linkinghub.elsevier.com/retrieve/pii/S0169023X0700184X},
  volume = 64,
  year = 2008
}
@article{Liu2004,
  author    = {Bing Liu and
               Robert L. Grossman and
               Yanhong Zhai},
  title     = {Mining Web Pages for Data Records},
  journal   = {IEEE Intelligent Systems},
  volume    = {19},
  number    = {6},
  year      = {2004},
  pages     = {49-55},
  ee        = {http://doi.ieeecomputersociety.org/10.1109/MIS.2004.68},
  bibsource = {DBLP, http://dblp.uni-trier.de},
}

@inproceedings{Cai2003,
 author = {Cai, Deng and Yu, Shipeng and Wen, Ji-Rong and Ma, Wei-Ying},
 title = {Extracting content structure for web pages based on visual representation},
 booktitle = {Proceedings of the 5th Asia-Pacific web conference on Web technologies and applications},
 series = {APWeb'03},
 year = {2003},
 isbn = {3-540-02354-2},
 location = {Xian, China},
 pages = {406--417},
 numpages = {12},
 url = {http://dl.acm.org/citation.cfm?id=1766091.1766143},
 acmid = {1766143},
 publisher = {Springer-Verlag},
 address = {Berlin, Heidelberg},
} 


@inproceedings{Gatterbauer2007,
 author = {Gatterbauer, Wolfgang and Bohunsky, Paul and Herzog, Marcus and Kr\"{u}pl, Bernhard and Pollak, Bernhard},
 title = {Towards domain-independent information extraction from web tables},
 booktitle = {Proceedings of the 16th international conference on World Wide Web},
 series = {WWW '07},
 year = {2007},
 isbn = {978-1-59593-654-7},
 location = {Banff, Alberta, Canada},
 pages = {71--80},
 numpages = {10},
 url = {http://doi.acm.org/10.1145/1242572.1242583},
 doi = {10.1145/1242572.1242583},
 acmid = {1242583},
 publisher = {ACM},
 address = {New York, NY, USA},
 keywords = {information extraction, visual analysis, web mining, web page representation, web tables},
} 
@inproceedings{Lerman2004,
 author = {Lerman, Kristina and Getoor, Lise and Minton, Steven and Knoblock, Craig},
 title = {Using the structure of Web sites for automatic segmentation of tables},
 booktitle = {Proceedings of the 2004 ACM SIGMOD international conference on Management of data},
 series = {SIGMOD '04},
 year = {2004},
 isbn = {1-58113-859-8},
 location = {Paris, France},
 pages = {119--130},
 numpages = {12},
 url = {http://doi.acm.org/10.1145/1007568.1007584},
 doi = {10.1145/1007568.1007584},
 acmid = {1007584},
 publisher = {ACM},
 address = {New York, NY, USA},
} 
@article{Liu2010,
author = {Wei Liu and Xiaofeng Meng and Weiyi Meng},
title = {ViDE: A Vision-Based Approach for Deep Web Data Extraction},
journal ={IEEE Transactions on Knowledge and Data Engineering},
volume = {22},
number = {3},
issn = {1041-4347},
year = {2010},
pages = {447-460},
doi = {http://doi.ieeecomputersociety.org/10.1109/TKDE.2009.109},
publisher = {IEEE Computer Society},
address = {Los Alamitos, CA, USA},
}

@inproceedings{Mehta2005,
 author = {Mehta, Rupesh R. and Mitra, Pabitra and Karnick, Harish},
 title = {Extracting semantic structure of web documents using content and visual information},
 booktitle = {Special interest tracks and posters of the 14th international conference on World Wide Web},
 series = {WWW '05},
 year = {2005},
 isbn = {1-59593-051-5},
 location = {Chiba, Japan},
 pages = {928--929},
 numpages = {2},
 url = {http://doi.acm.org/10.1145/1062745.1062802},
 doi = {10.1145/1062745.1062802},
 acmid = {1062802},
 publisher = {ACM},
 address = {New York, NY, USA},
 keywords = {DOM, VIPS, naive bayes classifier, page segmentation, topic hierarchy},
} 


@article{Fumarola2011,
  added-at = {2013-04-04T20:20:40.000+0200},
  author = {Fumarola, Fabio and Weninger, Tim and Barber, Rick},
  biburl = {http://www.bibsonomy.org/bibtex/2c9c4b517da6dad9ae7d6fe289775a325/tomasg},
  file = {:C$\backslash$:/Users/Tomas/AppData/Local/Mendeley Ltd./Mendeley Desktop/Downloaded/Fumarola, Weninger, Barber - 2011 - HyLiEn a hybrid approach to general list extraction on the web.pdf:pdf},
  interhash = {c225156a1d807fbb383cc92542468607},
  intrahash = {c9c4b517da6dad9ae7d6fe289775a325},
  journal = {The World Wide Web Conference},
  keywords = {information integration,web lists,web mining web},
  pages = {0--1},
  timestamp = {2013-04-04T20:20:40.000+0200},
  title = {{HyLiEn: a hybrid approach to general list extraction on the web}},
  url = {http://dl.acm.org/citation.cfm?id=1963211},
  year = 2011
}

@article{WeningerFBHM10,
  author    = {Tim Weninger and
               Fabio Fumarola and
               Rick Barber and
               Jiawei Han and
               Donato Malerba},
  title     = {Unexpected results in automatic list extraction on the web},
  journal   = {SIGKDD Explorations},
  volume    = {12},
  number    = {2},
  year      = {2010},
  pages     = {26-30},
  ee        = {http://doi.acm.org/10.1145/1964897.1964904},
  bibsource = {DBLP, http://dblp.uni-trier.de}
}

@inproceedings{Fumarola:IEA:2011,
  author    = {Fabio Fumarola and
               Tim Weninger and
               Rick Barber and
               Donato Malerba and
               Jiawei Han},
  title     = {Extracting General Lists from Web Documents: A Hybrid Approach},
  booktitle = {IEA/AIE (1)},
  year      = {2011},
  pages     = {285-294},
  ee        = {http://dx.doi.org/10.1007/978-3-642-21822-4_29},
  crossref  = {DBLP:conf/ieaaie/2011-1},
  bibsource = {DBLP, http://dblp.uni-trier.de}
}

@proceedings{DBLP:conf/ieaaie/2011-1,
  editor    = {Kishan G. Mehrotra and
               Chilukuri K. Mohan and
               Jae C. Oh and
               Pramod K. Varshney and
               Moonis Ali},
  title     = {Modern Approaches in Applied Intelligence - 24th International
               Conference on Industrial Engineering and Other Applications
               of Applied Intelligent Systems, IEA/AIE 2011, Syracuse,
               NY, USA, June 28 - July 1, 2011, Proceedings, Part I},
  booktitle = {IEA/AIE (1)},
  publisher = {Springer},
  series    = {Lecture Notes in Computer Science},
  volume    = {6703},
  year      = {2011},
  isbn      = {978-3-642-21821-7},
  ee        = {http://dx.doi.org/10.1007/978-3-642-21822-4},
  bibsource = {DBLP, http://dblp.uni-trier.de}
}

@inproceedings{Fumarola:WWW:2011,
  author    = {Fabio Fumarola and
               Tim Weninger and
               Rick Barber and
               Donato Malerba and
               Jiawei Han},
  title     = {HyLiEn: a hybrid approach to general list extraction on
               the web},
  booktitle = {WWW (Companion Volume)},
  year      = {2011},
  pages     = {35-36},
  ee        = {http://doi.acm.org/10.1145/1963192.1963211},
  crossref  = {DBLP:conf/www/2011c},
  bibsource = {DBLP, http://dblp.uni-trier.de}
}
@proceedings{DBLP:conf/www/2011c,
  editor    = {Sadagopan Srinivasan and
               Krithi Ramamritham and
               Arun Kumar and
               M. P. Ravindra and
               Elisa Bertino and
               Ravi Kumar},
  title     = {Proceedings of the 20th International Conference on World
               Wide Web, WWW 2011, Hyderabad, India, March 28 - April 1,
               2011 (Companion Volume)},
  booktitle = {WWW (Companion Volume)},
  publisher = {ACM},
  year      = {2011},
  isbn      = {978-1-4503-0637-9},
  bibsource = {DBLP, http://dblp.uni-trier.de}
}

@BOOK{LieBos200505, 
title={Cascading Style Sheets: Designing for the Web (3rd Edition)},
author={Hakon Wium Lie and Bert Bos},
publisher={Addison-Wesley Professional},
year={2005},
month={5},
edition={3},
isbn={9780321193124},
url={http://amazon.com/o/ASIN/0321193121/},
totalpages={416},
timestamp={2013.05.15},
}

@article{ferrara:2012,
  author    = {Emilio Ferrara and
               Pasquale De Meo and
               Giacomo Fiumara and
               Robert Baumgartner},
  title     = {Web Data Extraction, Applications and Techniques: A Survey},
  journal   = {CoRR},
  volume    = {abs/1207.0246},
  year      = {2012},
  ee        = {http://arxiv.org/abs/1207.0246},
  bibsource = {DBLP, http://dblp.uni-trier.de}
}

@article{Cafarella:2011,
 author = {Cafarella, Michael J. and Halevy, Alon and Madhavan, Jayant},
 title = {Structured data on the web},
 journal = {Commun. ACM},
 issue_date = {February 2011},
 volume = {54},
 number = {2},
 month = feb,
 year = {2011},
 issn = {0001-0782},
 pages = {72--79},
 numpages = {8},
 url = {http://doi.acm.org/10.1145/1897816.1897839},
 doi = {10.1145/1897816.1897839},
 acmid = {1897839},
 publisher = {ACM},
 address = {New York, NY, USA},
} 

@inproceedings{Baumgartner:2010,
 author = {Baumgartner, Robert},
 title = {Datalog-Related aspects in lixto visual developer},
 booktitle = {Proceedings of the First international conference on Datalog Reloaded},
 series = {Datalog'10},
 year = {2011},
 isbn = {978-3-642-24205-2},
 location = {Oxford, UK},
 pages = {145--160},
 numpages = {16},
 url = {http://dx.doi.org/10.1007/978-3-642-24206-9_9},
 doi = {10.1007/978-3-642-24206-9_9},
 acmid = {2185934},
 publisher = {Springer-Verlag},
 address = {Berlin, Heidelberg},
 keywords = {data extraction, datalog, tree structures, web, wrapper generation},
} 

@inproceedings{Furche:2012,
 author = {Furche, Tim and Grasso, Giovanni and Kravchenko, Andrey and Schallhart, Christian},
 title = {Turn the page: automated traversal of paginated websites},
 booktitle = {Proceedings of the 12th international conference on Web Engineering},
 series = {ICWE'12},
 year = {2012},
 isbn = {978-3-642-31752-1},
 location = {Berlin, Germany},
 pages = {332--346},
 numpages = {15},
 url = {http://dx.doi.org/10.1007/978-3-642-31753-8_27},
 doi = {10.1007/978-3-642-31753-8_27},
 acmid = {2364155},
 publisher = {Springer-Verlag},
 address = {Berlin, Heidelberg},
} 

@inproceedings{Kushmerick:1997,
  author = {Kushmerick, Nicholas},
  booktitle = {Proc. IJCAI-97},
  interhash = {68cdf9d86fe93a7450d95f1403815d18},
  keywords = {inf_extraction},
  timestamp = {2007-12-14T03:25:30.000+0100},
  title = {Wrapper Induction for Information Extraction},
  url = {http://citeseer.nj.nec.com/kushmerick97wrapper.html},
  year = {1997},
}

@inproceedings{2000:TUI,
 title = {TheaterLoc: Using Information Integration Technology to Rapidly Build Virtual Applications},
 booktitle = {Proceedings of the 16th International Conference on Data Engineering},
 series = {ICDE '00},
 year = {2000},
 isbn = {0-7695-0506-6},
 pages = {681--},
 url = {http://dl.acm.org/citation.cfm?id=846219.847302},
 acmid = {847302},
 publisher = {IEEE Computer Society},
 address = {Washington, DC, USA},
key = {{$\!\!$}} ,
} 

@inproceedings{Embley:1999,
 author = {Embley, D. W. and Jiang, Y. and Ng, Y.-K.},
 title = {Record-boundary discovery in Web documents},
 booktitle = {Proceedings of the 1999 ACM SIGMOD international conference on Management of data},
 series = {SIGMOD '99},
 year = {1999},
 isbn = {1-58113-084-8},
 location = {Philadelphia, Pennsylvania, USA},
 pages = {467--478},
 numpages = {12},
 url = {http://doi.acm.org/10.1145/304182.304223},
 doi = {10.1145/304182.304223},
 acmid = {304223},
 publisher = {ACM},
 address = {New York, NY, USA},
} 

@inproceedings{2000:XXW,
 title = {XWRAP: An XML-Enabled Wrapper Construction System for Web Information Sources},
 booktitle = {Proceedings of the 16th International Conference on Data Engineering},
 series = {ICDE '00},
 year = {2000},
 isbn = {0-7695-0506-6},
 pages = {611--},
 url = {http://dl.acm.org/citation.cfm?id=846219.847340},
 acmid = {847340},
 publisher = {IEEE Computer Society},
 address = {Washington, DC, USA},
 keywords = {Web data management, Information extraction, Wrapper generation system, XML},
key = {{$\!\!$}} ,
} 

@inproceedings{Bing:2011,
 author = {Bing, Lidong and Lam, Wai and Gu, Yuan},
 title = {Towards a unified solution: data record region detection and segmentation},
 booktitle = {Proceedings of the 20th ACM international conference on Information and knowledge management},
 series = {CIKM '11},
 year = {2011},
 isbn = {978-1-4503-0717-8},
 location = {Glasgow, Scotland, UK},
 pages = {1265--1274},
 numpages = {10},
 url = {http://doi.acm.org/10.1145/2063576.2063761},
 doi = {10.1145/2063576.2063761},
 acmid = {2063761},
 publisher = {ACM},
 address = {New York, NY, USA},
 keywords = {RST structure, web data record extraction, web information integration},
} 

@inproceedings{2001:HPA,
 title = {HTML Page Analysis Based on Visual Cues},
 booktitle = {Proceedings of the Sixth International Conference on Document Analysis and Recognition},
 series = {ICDAR '01},
 year = {2001},
 isbn = {0-7695-1263-1},
 pages = {859--},
 url = {http://dl.acm.org/citation.cfm?id=876867.877717},
 acmid = {877717},
 publisher = {IEEE Computer Society},
 address = {Washington, DC, USA},
key = {{$\!\!$}} ,
} 

@inproceedings{Zhao:2005,
 author = {Zhao, Hongkun and Meng, Weiyi and Wu, Zonghuan and Raghavan, Vijay and Yu, Clement},
 title = {Fully automatic wrapper generation for search engines},
 booktitle = {Proceedings of the 14th international conference on World Wide Web},
 series = {WWW '05},
 year = {2005},
 isbn = {1-59593-046-9},
 location = {Chiba, Japan},
 pages = {66--75},
 numpages = {10},
 url = {http://doi.acm.org/10.1145/1060745.1060760},
 doi = {10.1145/1060745.1060760},
 acmid = {1060760},
 publisher = {ACM},
 address = {New York, NY, USA},
 keywords = {information extraction, search engine, wrapper generation},
} 

@inproceedings{Simon:2005,
 author = {Simon, Kai and Lausen, Georg},
 title = {ViPER: augmenting automatic information extraction with visual perceptions},
 booktitle = {Proceedings of the 14th ACM international conference on Information and knowledge management},
 series = {CIKM '05},
 year = {2005},
 isbn = {1-59593-140-6},
 location = {Bremen, Germany},
 pages = {381--388},
 numpages = {8},
 url = {http://doi.acm.org/10.1145/1099554.1099672},
 doi = {10.1145/1099554.1099672},
 acmid = {1099672},
 publisher = {ACM},
 address = {New York, NY, USA},
 keywords = {data extraction, data record alignment, visual features},
} 

@article{Elmeleegy:2011,
 author = {Elmeleegy, Hazem and Madhavan, Jayant and Halevy, Alon},
 title = {Harvesting relational tables from lists on the web},
 journal = {The VLDB Journal},
 issue_date = {April     2011},
 volume = {20},
 number = {2},
 month = apr,
 year = {2011},
 issn = {1066-8888},
 pages = {209--226},
 numpages = {18},
 url = {http://dx.doi.org/10.1007/s00778-011-0223-0},
 doi = {10.1007/s00778-011-0223-0},
 acmid = {1969352},
 publisher = {Springer-Verlag New York, Inc.},
 address = {Secaucus, NJ, USA},
 keywords = {List segmentation, ListExtract, Structured data on the web, Table extraction, WebTables},
} 

@inproceedings{BlancoCM05,
  author    = {Lorenzo Blanco and
               Valter Crescenzi and
               Paolo Merialdo},
  title     = {Efficiently Locating Collections of Web Pages to Wrap},
  booktitle = {WEBIST},
  year      = {2005},
  pages     = {247-254},
  crossref  = {DBLP:conf/webist/2005},
  bibsource = {DBLP, http://dblp.uni-trier.de}
}
@proceedings{DBLP:conf/webist/2005,
  editor    = {Jos{\'e} Cordeiro and
               Vitor Pedrosa and
               Bruno Encarna\c{c}{\~a}o and
               Joaquim Filipe},
  title     = {WEBIST 2005, Proceedings of the First International Conference
               on Web Information Systems and Technologies, Miami, USA,
               May 26-28, 2005},
  booktitle = {WEBIST},
  publisher = {INSTICC Press},
  year      = {2005},
  isbn      = {972-8865-20-1},
  bibsource = {DBLP, http://dblp.uni-trier.de}
}

@inproceedings{Lin:2010,
 author = {Lin, Cindy Xide and Zhao, Bo and Weninger, Tim and Han, Jiawei and Liu, Bing},
 title = {Entity relation discovery from web tables and links},
 booktitle = {Proceedings of the 19th international conference on World wide web},
 series = {WWW '10},
 year = {2010},
 isbn = {978-1-60558-799-8},
 location = {Raleigh, North Carolina, USA},
 pages = {1145--1146},
 numpages = {2},
 url = {http://doi.acm.org/10.1145/1772690.1772846},
 doi = {10.1145/1772690.1772846},
 acmid = {1772846},
 publisher = {ACM},
 address = {New York, NY, USA},
 keywords = {entity relation discovery, link, web table},
} 

@inproceedings{Fader:2011,
 author = {Fader, Anthony and Soderland, Stephen and Etzioni, Oren},
 title = {Identifying Relations for Open Information Extraction},
 booktitle = {Proceedings of the Conference on Empirical Methods in Natural Language Processing},
 series = {EMNLP '11},
 year = {2011},
 isbn = {978-1-937284-11-4},
 location = {Edinburgh, United Kingdom},
 pages = {1535--1545},
 numpages = {11},
 url = {http://dl.acm.org/citation.cfm?id=2145432.2145596},
 acmid = {2145596},
 publisher = {Association for Computational Linguistics},
 address = {Stroudsburg, PA, USA},
} 

@article{Crescenzi:2005,
 author = {Crescenzi, Valter and Merialdo, Paolo and Missier, Paolo},
 title = {Clustering web pages based on their structure},
 journal = {Data Knowl. Eng.},
 issue_date = {September 2005},
 volume = {54},
 number = {3},
 month = sep,
 year = {2005},
 issn = {0169-023X},
 pages = {279--299},
 numpages = {21},
 url = {http://dx.doi.org/10.1016/j.datak.2004.11.004},
 doi = {10.1016/j.datak.2004.11.004},
 acmid = {1086630},
 publisher = {Elsevier Science Publishers B. V.},
 address = {Amsterdam, The Netherlands, The Netherlands},
 keywords = {clustering, information extraction, web mining, web modelling, wrapper induction},
} 

@book{Sun:2012,
 author = {Sun, Yizhou and Han, Jiawei},
 title = {Mining Heterogeneous Information Networks: Principles and Methodologies},
 year = {2012},
 isbn = {1608458806, 9781608458806},
 publisher = {Morgan \& Claypool Publishers},
} 


@book{Wasserman:1994,
   title = "Social network analysis : methods and applications",
   author = "Wasserman, Stanley and Faust, Katherine",
   series = "Structural analysis in the social sciences",
   publisher = "Cambridge University Press, 1997",
   address = "Cambridge, New York, Melbourne",
   url = "http://opac.inria.fr/record=b1078918",
   isbn = "0-521-38269-6",
   note = "Autres tirages : 1998, 1999, 2007, 2008",
   year = 1994
} 

@techreport{Arasu:2002,
          number = {2002-40},
           month = {July},
          author = {Arvind Arasu and Hector Garcia-Molina},
           title = {Extracting Structured Data from Web Pages},
            type = {Technical Report},
       publisher = {Stanford},
     institution = {Stanford InfoLab},
            year = {2002},
        keywords = {Automatic Data Extraction},
             url = {http://ilpubs.stanford.edu:8090/548/},
        abstract = {Many  web sites  contain  large sets  of  pages generated  using a  common template  or layout.   For example,  Amazon  lays out  the author,  title, comments, etc.  in the same way in all its book pages.  The values used to generate the  pages (e.g., the  author, title,...)  typically come  from a database.  In this paper, we study the problem of automatically extracting the database  values from the web  pages without any  learning examples or other similar human  input.  We formally define the  notion of a template, and propose a model that describes how values are encoded into pages using a template.   We present an extraction  algorithm that uses  sets of words that have similar occurrence pattern  in the input pages, to construct the template.  The  constructed template is  then used to extract  values from the pages.  We show experimentally that the extracted values make semantic sense in most cases.}
}

@book{Kargupta:2008,
 author = {Kargupta, Hillol and Han, Jiawei and Yu, Philip S. and Motwani, Rajeev and Kumar, Vipin},
 title = {Next Generation of Data Mining},
 year = {2008},
 isbn = {1420085867, 9781420085860},
 edition = {1},
 publisher = {Chapman \& Hall/CRC},
} 

@article{Chang:2006,
 author = {Chang, Chia-Hui and Kayed, Mohammed and Girgis, Moheb Ramzy and Shaalan, Khaled F.},
 title = {A Survey of Web Information Extraction Systems},
 journal = {IEEE Trans. on Knowl. and Data Eng.},
 issue_date = {October 2006},
 volume = {18},
 number = {10},
 month = oct,
 year = {2006},
 issn = {1041-4347},
 pages = {1411--1428},
 numpages = {18},
 url = {http://dx.doi.org/10.1109/TKDE.2006.152},
 doi = {10.1109/TKDE.2006.152},
 acmid = {1159300},
 publisher = {IEEE Educational Activities Department},
 address = {Piscataway, NJ, USA},
 keywords = {Information extraction, Information extraction, Web mining, wrapper, wrapper induction., Web mining, wrapper, wrapper induction.},
}

@article{Qi:2009,
 author = {Qi, Xiaoguang and Davison, Brian D.},
 title = {Web Page Classification: Features and Algorithms},
 journal = {ACM Comput. Surv.},
 issue_date = {February 2009},
 volume = {41},
 number = {2},
 month = feb,
 year = {2009},
 issn = {0360-0300},
 pages = {12:1--12:31},
 articleno = {12},
 numpages = {31},
 url = {http://doi.acm.org/10.1145/1459352.1459357},
 doi = {10.1145/1459352.1459357},
 acmid = {1459357},
 publisher = {ACM},
 address = {New York, NY, USA},
 keywords = {Categorization, Web mining},
} 
@MISC{Eikvil:1999,
    author = {Line Eikvil},
    title = {Information Extraction from World Wide Web - A Survey},
    year = {1999},
}

@book{Liu:2006,
 author = {Liu, Bing},
 title = {Web Data Mining: Exploring Hyperlinks, Contents, and Usage Data (Data-Centric Systems and Applications)},
 year = {2006},
 isbn = {3540378812},
 publisher = {Springer-Verlag New York, Inc.},
 address = {Secaucus, NJ, USA},
}
@inproceedings{Manber:1997,
 author = {Manber, Udi and Smith, Mike and Gopal, Burra},
 title = {WebGlimpse: Combining Browsing and Searching},
 booktitle = {Proceedings of the Annual Conference on USENIX Annual Technical Conference},
 series = {ATEC '97},
 year = {1997},
 location = {Anaheim, California},
 pages = {15--15},
 numpages = {1},
 url = {http://dl.acm.org/citation.cfm?id=1268680.1268695},
 acmid = {1268695},
 publisher = {USENIX Association},
 address = {Berkeley, CA, USA},
}
@inproceedings{Lee:2005,
 author = {Lee, Uichin and Liu, Zhenyu and Cho, Junghoo},
 title = {Automatic Identification of User Goals in Web Search},
 booktitle = {Proceedings of the 14th International Conference on World Wide Web},
 series = {WWW '05},
 year = {2005},
 isbn = {1-59593-046-9},
 location = {Chiba, Japan},
 pages = {391--400},
 numpages = {10},
 url = {http://doi.acm.org/10.1145/1060745.1060804},
 doi = {10.1145/1060745.1060804},
 acmid = {1060804},
 publisher = {ACM},
 address = {New York, NY, USA},
 keywords = {Web search, query classification, user goals},
} 





@inproceedings{Furnas:1997,
 author = {Furnas, George W.},
 title = {Effective View Navigation},
 booktitle = {Proceedings of the ACM SIGCHI Conference on Human Factors in Computing Systems},
 series = {CHI '97},
 year = {1997},
 isbn = {0-89791-802-9},
 location = {Atlanta, Georgia, USA},
 pages = {367--374},
 numpages = {8},
 url = {http://doi.acm.org/10.1145/258549.258800},
 doi = {10.1145/258549.258800},
 acmid = {258800},
 publisher = {ACM},
 address = {New York, NY, USA},
 keywords = {browsing, direct walk, hypertext, information navigation, large information structures, searching},
} 


@article{Wang:2011,
 author = {Wang, Yao-Te and Lee, Anthony J.T.},
 title = {Mining Web Navigation Patterns with a Path Traversal Graph},
 journal = {Expert Syst. Appl.},
 issue_date = {June, 2011},
 volume = {38},
 number = {6},
 month = jun,
 year = {2011},
 issn = {0957-4174},
 pages = {7112--7122},
 numpages = {11},
 url = {http://dx.doi.org/10.1016/j.eswa.2010.12.058},
 doi = {10.1016/j.eswa.2010.12.058},
 acmid = {1943925},
 publisher = {Pergamon Press, Inc.},
 address = {Tarrytown, NY, USA},
 keywords = {Browsing behaviour, Path traversal graph, Throughout-surfing pattern, Web log mining, Web traversal pattern},
} 

@article{Amadieu:2010,
 author = {Amadieu, Franck and Tricot, Andr{\'e} and Marin{\'e}, Claudette},
 title = {Interaction Between Prior Knowledge and Concept-map Structure on Hypertext Comprehension, Coherence of Reading Orders and Disorientation},
 journal = {Interact. Comput.},
 issue_date = {March, 2010},
 volume = {22},
 number = {2},
 month = mar,
 year = {2010},
 issn = {0953-5438},
 pages = {88--97},
 numpages = {10},
 url = {http://dx.doi.org/10.1016/j.intcom.2009.07.001},
 doi = {10.1016/j.intcom.2009.07.001},
 acmid = {1747020},
 publisher = {Elsevier Science Inc.},
 address = {New York, NY, USA},
 keywords = {Coherence, Comprehension, Concept map, Disorientation, Hypertext, Prior knowledge},
} 

@article{Weninger:2013,
 author = {Weninger, Tim and Johnston, Thomas J. and Han, Jiawei},
 title = {The Parallel Path Framework for Entity Discovery on the Web},
 journal = {ACM Trans. Web},
 issue_date = {September 2013},
 volume = {7},
 number = {3},
 month = sep,
 year = {2013},
 issn = {1559-1131},
 pages = {16:1--16:29},
 articleno = {16},
 numpages = {29},
 doi = {10.1145/2516633.2516638},
 acmid = {2516638},
 publisher = {ACM},
 address = {New York, NY, USA},
 keywords = {Parallel paths, entity pages, semi-structured data, web structure mining},
} 

@book{Rosenfeld:2002,
 author = {Rosenfeld, Louis and Morville, Peter},
 title = {Information Architecture for the World Wide Web},
 year = {2002},
 isbn = {0596000359},
 edition = {2nd},
 publisher = {O'Reilly \& Associates, Inc.},
 address = {Sebastopol, CA, USA},
} 

@book{Kalbach:2007,
 author = {Kalbach, James},
 title = {Designing Web Navigation},
 year = {2007},
 isbn = {9780596528102},
 edition = {First},
 publisher = {O'Reilly},
} 

@inproceedings{Keller:2013,
 author = {Keller, Matthias and M\"{u}hlschlegel, Patrick and Hartenstein, Hannes},
 title = {Search Result Presentation: Supporting Post-search Navigation by Integration of Taxonomy Data},
 booktitle = {Proceedings of the 22Nd International Conference on World Wide Web},
 series = {WWW '13 Companion},
 year = {2013},
 isbn = {978-1-4503-2038-2},
 location = {Rio de Janeiro, Brazil},
 pages = {1269--1274},
 numpages = {6},
 url = {http://dl.acm.org/citation.cfm?id=2487788.2488161},
 acmid = {2488161},
 publisher = {International World Wide Web Conferences Steering Committee},
 address = {Republic and Canton of Geneva, Switzerland},
 keywords = {clickstreams, search result presentation, taxonomies},
} 

@inproceedings{Anderson:2001,
 author = {Anderson, Corin R. and Domingos, Pedro and Weld, Daniel S.},
 title = {Adaptive Web Navigation for Wireless Devices},
 booktitle = {Proceedings of the 17th International Joint Conference on Artificial Intelligence - Volume 2},
 series = {IJCAI'01},
 year = {2001},
 isbn = {1-55860-812-5, 978-1-558-60812-2},
 location = {Seattle, WA, USA},
 pages = {879--884},
 numpages = {6},
 url = {http://dl.acm.org/citation.cfm?id=1642194.1642211},
 acmid = {1642211},
 publisher = {Morgan Kaufmann Publishers Inc.},
 address = {San Francisco, CA, USA},
} 

@inproceedings{Blanco:2011,
 author = {Blanco, Lorenzo and Dalvi, Nilesh and Machanavajjhala, Ashwin},
 title = {Highly Efficient Algorithms for Structural Clustering of Large Websites},
 booktitle = {Proceedings of the 20th International Conference on World Wide Web},
 series = {WWW '11},
 year = {2011},
 isbn = {978-1-4503-0632-4},
 location = {Hyderabad, India},
 pages = {437--446},
 numpages = {10},
 url = {http://doi.acm.org/10.1145/1963405.1963468},
 doi = {10.1145/1963405.1963468},
 acmid = {1963468},
 publisher = {ACM},
 address = {New York, NY, USA},
 keywords = {information extraction, minimum description length, structural clustering},
}

@inproceedings{Lin:2010b,
 author = {Lin, Cindy Xide and Yu, Yintao and Han, Jiawei and Liu, Bing},
 title = {Hierarchical Web-page Clustering via In-page and Cross-page Link Structures},
 booktitle = {Proceedings of the 14th Pacific-Asia Conference on Advances in Knowledge Discovery and Data Mining - Volume Part II},
 series = {PAKDD'10},
 year = {2010},
 isbn = {3-642-13671-0, 978-3-642-13671-9},
 location = {Hyderabad, India},
 pages = {222--229},
 numpages = {8},
 url = {http://dx.doi.org/10.1007/978-3-642-13672-6_22},
 doi = {10.1007/978-3-642-13672-6_22},
 acmid = {2144059},
 publisher = {Springer-Verlag},
 address = {Berlin, Heidelberg},
} 

@article{Lin:2011,
  title={Automatic sitemaps generation: Exploring website structures using block extraction and hyperlink analysis},
  author={Lin, Shian-Hua and Chu, Kuan-Pak and Chiu, Chun-Ming},
  journal={Expert Systems with Applications},
  volume={38},
  number={4},
  pages={3944--3958},
  year={2011},
  publisher={Elsevier},
}

@article{Yang:2009,
 author = {Yang, Christopher C. and Liu, Nan},
 title = {Web Site Topic-hierarchy Generation Based on Link Structure},
 journal = {J. Am. Soc. Inf. Sci. Technol.},
 issue_date = {March 2009},
 volume = {60},
 number = {3},
 month = mar,
 year = {2009},
 issn = {1532-2882},
 pages = {495--508},
 numpages = {14},
 url = {http://dx.doi.org/10.1002/asi.v60:3},
 doi = {10.1002/asi.v60:3},
 acmid = {1527094},
 publisher = {John Wiley \& Sons, Inc.},
 address = {New York, NY, USA},
 keywords = {automatic taxonomy generation, hierarchical classification, tree structures, web mining, web sites},
} 

@inproceedings{Liu:2004,
  title={An automated algorithm for extracting website skeleton},
  author={Liu, Zehua and Ng, Wee Keong and Lim, Ee-Peng},
  booktitle={Database Systems for Advanced Applications},
  pages={799--811},
  year={2004},
  organization={Springer},
}

@inproceedings{Baumgarten:1999,
 author = {Baumgarten, Matthias and B\"{u}chner, Alex G. and Anand, Sarabjot S. and Mulvenna, Maurice D. and Hughes, John G.},
 title = {User-Driven Navigation Pattern Discovery from Internet Data},
 booktitle = {Revised Papers from the International Workshop on Web Usage Analysis and User Profiling},
 series = {WEBKDD '99},
 year = {2000},
 isbn = {3-540-67818-2},
 pages = {74--91},
 numpages = {18},
 url = {http://dl.acm.org/citation.cfm?id=648036.744397},
 acmid = {744397},
 publisher = {Springer-Verlag},
 address = {London, UK, UK},
} 
@incollection{Mobasher:2007,
 author = {Mobasher, Bamshad},
 chapter = {Data Mining for Web Personalization},
 title = {The Adaptive Web},
 editor = {Brusilovsky, Peter and Kobsa, Alfred and Nejdl, Wolfgang},
 year = {2007},
 isbn = {978-3-540-72078-2},
 pages = {90--135},
 numpages = {46},
 url = {http://dl.acm.org/citation.cfm?id=1768197.1768201},
 acmid = {1768201},
 publisher = {Springer-Verlag},
 address = {Berlin, Heidelberg},
} 

@article{Srivastava:2000,
 author = {Srivastava, Jaideep and Cooley, Robert and Deshpande, Mukund and Tan, Pang-Ning},
 title = {Web Usage Mining: Discovery and Applications of Usage Patterns from Web Data},
 journal = {SIGKDD Explor. Newsl.},
 issue_date = {January 2000},
 volume = {1},
 number = {2},
 month = jan,
 year = {2000},
 issn = {1931-0145},
 pages = {12--23},
 numpages = {12},
 url = {http://doi.acm.org/10.1145/846183.846188},
 doi = {10.1145/846183.846188},
 acmid = {846188},
 publisher = {ACM},
 address = {New York, NY, USA},
 keywords = {data mining, web usage mining, world wide web},
} 

@inproceedings{Nakagawa:2003,
  title={A hybrid web personalization model based on site connectivity},
  author={Nakagawa, Miki and Mobasher, Bamshad},
  booktitle={Proceedings of WebKDD},
  pages={59--70},
  year={2003},
}

@article{Schechter:1998,
  title={Using path profiles to predict HTTP requests},
  author={Schechter, Stuart and Krishnan, Murali and Smith, Michael D},
  journal={Computer Networks and ISDN Systems},
  volume={30},
  number={1},
  pages={457--467},
  year={1998},
  publisher={Elsevier}
}

@incollection{Spiliopoulou:1999,
  title={WUM: a tool for web utilization analysis},
  author={Spiliopoulou, Myra and Faulstich, Lukas C},
  booktitle={The World Wide Web and Databases},
  pages={184--203},
  year={1999},
  publisher={Springer},
}

@incollection{Lanotte:2014,
year={2014},
isbn={978-3-319-08325-4},
booktitle={Foundations of Intelligent Systems},
volume={8502},
series={Lecture Notes in Computer Science},
editor={Andreasen, Troels and Christiansen, Henning and Cubero, Juan-Carlos and Raś, ZbigniewW.},
doi={10.1007/978-3-319-08326-1_37},
title={Automatic Extraction of Logical Web Lists},
url={http://dx.doi.org/10.1007/978-3-319-08326-1_37},
publisher={Springer International Publishing},
keywords={Web List Mining; Structured Data Extraction; Logical List},
author={Lanotte, Pasqua Fabiana and Fumarola, Fabio and Ceci, Michelangelo and Scarpino, Andrea and Torelli, MicheleDamiano and Malerba, Donato},
pages={365-374},
language={English},
}

@inproceedings{Keller:2012,
 author = {Keller, Matthias and Nussbaumer, Martin},
 title = {MenuMiner: Revealing the Information Architecture of Large Web Sites by Analyzing Maximal Cliques},
 booktitle = {Proceedings of the 21st International Conference on World Wide Web},
 series = {WWW '12 Companion},
 year = {2012},
 isbn = {978-1-4503-1230-1},
 location = {Lyon, France},
 pages = {1025--1034},
 numpages = {10},
 url = {http://doi.acm.org/10.1145/2187980.2188237},
 doi = {10.1145/2187980.2188237},
 acmid = {2188237},
 publisher = {ACM},
 address = {New York, NY, USA},
 keywords = {search result presentation, site boundaries, site hierarchies, web structure mining},
} 

@inproceedings{Kumar:2006,
 author = {Kumar, Ravi and Punera, Kunal and Tomkins, Andrew},
 title = {Hierarchical Topic Segmentation of Websites},
 booktitle = {Proceedings of the 12th ACM SIGKDD International Conference on Knowledge Discovery and Data Mining},
 series = {KDD '06},
 year = {2006},
 isbn = {1-59593-339-5},
 location = {Philadelphia, PA, USA},
 pages = {257--266},
 numpages = {10},
 url = {http://doi.acm.org/10.1145/1150402.1150433},
 doi = {10.1145/1150402.1150433},
 acmid = {1150433},
 publisher = {ACM},
 address = {New York, NY, USA},
 keywords = {KL-distance, classification, facility location, gain ratio, tree partitioning, website hierarchy, website segmentation},
} 

@book{Levene:2010,
 author = {Levene, Mark},
 title = {An Introduction to Search Engines and Web Navigation},
 year = {2010},
 isbn = {047052684X, 9780470526842},
 edition = {2nd},
 publisher = {Wiley Publishing},
} 

@book{Nielsen:2006,
 author = {Nielsen, Jakob and Loranger, Hoa},
 title = {Prioritizing Web Usability},
 year = {2006},
 isbn = {0321350316},
 publisher = {New Riders Publishing},
 address = {Thousand Oaks, CA, USA},
} 

@article{Dong:2014,
 author = {Dong, Xin Luna and Gabrilovich, Evgeniy and Heitz, Geremy and Horn, Wilko and Murphy, Kevin and Sun, Shaohua and Zhang, Wei},
 title = {From Data Fusion to Knowledge Fusion},
 journal = {Proc. VLDB Endow.},
 issue_date = {June 2014},
 volume = {7},
 number = {10},
 month = jun,
 year = {2014},
 issn = {2150-8097},
 pages = {881--892},
 numpages = {12},
 url = {http://dx.doi.org/10.14778/2732951.2732962},
 doi = {10.14778/2732951.2732962},
 acmid = {2732962},
 publisher = {VLDB Endowment},
} 

@article{Bronzi:2013,
 author = {Bronzi, Mirko and Crescenzi, Valter and Merialdo, Paolo and Papotti, Paolo},
 title = {Extraction and Integration of Partially Overlapping Web Sources},
 journal = {Proc. VLDB Endow.},
 issue_date = {August 2013},
 volume = {6},
 number = {10},
 month = aug,
 year = {2013},
 issn = {2150-8097},
 pages = {805--816},
 numpages = {12},
 url = {http://dx.doi.org/10.14778/2536206.2536209},
 doi = {10.14778/2536206.2536209},
 acmid = {2536209},
 publisher = {VLDB Endowment},
} 

@article{Dalvi:2012,
 author = {Dalvi, Nilesh and Machanavajjhala, Ashwin and Pang, Bo},
 title = {An Analysis of Structured Data on the Web},
 journal = {Proc. VLDB Endow.},
 issue_date = {March 2012},
 volume = {5},
 number = {7},
 month = mar,
 year = {2012},
 issn = {2150-8097},
 pages = {680--691},
 numpages = {12},
 url = {http://dx.doi.org/10.14778/2180912.2180920},
 doi = {10.14778/2180912.2180920},
 acmid = {2180920},
 publisher = {VLDB Endowment},
 keywords = {information connectivity, information spread, structured data on the web},
} 

@article{Sarawagi:2008,
 author = {Sarawagi, Sunita},
 title = {Information Extraction},
 journal = {Found. Trends databases},
 issue_date = {March 2008},
 volume = {1},
 number = {3},
 month = mar,
 year = {2008},
 issn = {1931-7883},
 pages = {261--377},
 numpages = {117},
 url = {http://dx.doi.org/10.1561/1900000003},
 doi = {10.1561/1900000003},
 acmid = {1498845},
 publisher = {Now Publishers Inc.},
 address = {Hanover, MA, USA},
} 

@inproceedings{Yi:2003,
 author = {Yi, Lan and Liu, Bing and Li, Xiaoli},
 title = {Eliminating Noisy Information in Web Pages for Data Mining},
 booktitle = {Proceedings of the Ninth ACM SIGKDD International Conference on Knowledge Discovery and Data Mining},
 series = {KDD '03},
 year = {2003},
 isbn = {1-58113-737-0},
 location = {Washington, D.C.},
 pages = {296--305},
 numpages = {10},
 url = {http://doi.acm.org/10.1145/956750.956785},
 doi = {10.1145/956750.956785},
 acmid = {956785},
 publisher = {ACM},
 address = {New York, NY, USA},
 keywords = {Web mining, noise detection, noise elimination},
} 

@article{Guille:2013,
 author = {Guille, Adrien and Hacid, Hakim and Favre, Cecile and Zighed, Djamel A.},
 title = {Information Diffusion in Online Social Networks: A Survey},
 journal = {SIGMOD Rec.},
 issue_date = {May 2013},
 volume = {42},
 number = {2},
 month = jul,
 year = {2013},
 issn = {0163-5808},
 pages = {17--28},
 numpages = {12},
 url = {http://doi.acm.org/10.1145/2503792.2503797},
 doi = {10.1145/2503792.2503797},
 acmid = {2503797},
 publisher = {ACM},
 address = {New York, NY, USA},
} 

@Inbook{Gottron:2008,
author="Gottron, Thomas",
editor="Macdonald, Craig
and Ounis, Iadh
and Plachouras, Vassilis
and Ruthven, Ian
and White, Ryen W.",
title="Clustering Template Based Web Documents",
bookTitle="Advances in Information Retrieval: 30th European Conference on IR Research, ECIR 2008, Glasgow, UK, March 30-April 3, 2008. Proceedings",
year="2008",
publisher="Springer Berlin Heidelberg",
address="Berlin, Heidelberg",
pages="40--51",
isbn="978-3-540-78646-7",
doi="10.1007/978-3-540-78646-7_7",
url="http://dx.doi.org/10.1007/978-3-540-78646-7_7"
}

@article{Brin:2012,
  author    = {Sergey Brin and
               Lawrence Page},
  title     = {Reprint of: The anatomy of a large-scale hypertextual web search engine},
  journal   = {Computer Networks},
  volume    = {56},
  number    = {18},
  pages     = {3825--3833},
  year      = {2012},
  url       = {http://dx.doi.org/10.1016/j.comnet.2012.10.007},
  doi       = {10.1016/j.comnet.2012.10.007},
  timestamp = {Mon, 03 Dec 2012 20:55:25 +0100},
  biburl    = {http://dblp.uni-trier.de/rec/bib/journals/cn/BrinP12},
  bibsource = {dblp computer science bibliography, http://dblp.org}
}

@inproceedings{Pio:2014,
  author    = {Gianvito Pio and
               Pasqua Fabiana Lanotte and
               Michelangelo Ceci and
               Donato Malerba},
  title     = {Mining Temporal Evolution of Entities in a Stream of Textual Documents},
  booktitle = {Foundations of Intelligent Systems - 21st International Symposium,
               {ISMIS} 2014, Roskilde, Denmark, June 25-27, 2014. Proceedings},
  pages     = {50--60},
  year      = {2014},
  crossref  = {DBLP:conf/ismis/2014},
  url       = {http://dx.doi.org/10.1007/978-3-319-08326-1_6},
  doi       = {10.1007/978-3-319-08326-1_6},
  timestamp = {Wed, 04 Jun 2014 14:50:31 +0200},
  biburl    = {http://dblp.uni-trier.de/rec/bib/conf/ismis/PioLCM14},
  bibsource = {dblp computer science bibliography, http://dblp.org}
}

@article{Kleinberg:1999,
 author = {Kleinberg, Jon M.},
 title = {Authoritative Sources in a Hyperlinked Environment},
 journal = {J. ACM},
 issue_date = {Sept. 1999},
 volume = {46},
 number = {5},
 month = sep,
 year = {1999},
 issn = {0004-5411},
 pages = {604--632},
 numpages = {29},
 doi = {10.1145/324133.324140},
 acmid = {324140},
 publisher = {ACM},
 address = {New York, NY, USA},
 keywords = {World Wide Web, graph algorithms, hypertext structure, link analysis},
} 



@article{Chevalier:2008,
  added-at = {2008-03-11T00:00:00.000+0100},
  author = {Chevalier, Max},
  biburl = {http://www.bibsonomy.org/bibtex/2d75bea96e0ec5597e5152bbc1bad46cd/dblp},
  date = {2008-03-11},
  description = {dblp},
  ee = {http://dx.doi.org/10.1007/s10791-008-9057-9},
  interhash = {ccfd3ed2a754f4ab9500cba6cf9d808c},
  intrahash = {d75bea96e0ec5597e5152bbc1bad46cd},
  journal = {Inf. Retr.},
  keywords = {dblp},
  number = 2,
  pages = {169-174},
  timestamp = {2008-03-12T11:40:57.000+0100},
  title = {Zdravko Markov and Daniel T. Larose, Data Mining the Web: Uncovering Patterns in Web Content, Structure, and Usage.},
  url = {http://dblp.uni-trier.de/db/journals/ir/ir11.html#Chevalier08},
  volume = 11,
  year = 2008
}

@article{Mooney:2013,
 author = {Mooney, Carl H. and Roddick, John F.},
 title = {Sequential Pattern Mining -- Approaches and Algorithms},
 journal = {ACM Comput. Surv.},
 issue_date = {February 2013},
 volume = {45},
 number = {2},
 month = mar,
 year = {2013},
 issn = {0360-0300},
 pages = {19:1--19:39},
 articleno = {19},
 numpages = {39},
 url = {http://doi.acm.org/10.1145/2431211.2431218},
 doi = {10.1145/2431211.2431218},
 acmid = {2431218},
 publisher = {ACM},
 address = {New York, NY, USA},
 keywords = {Sequential pattern mining},
} 

@inproceedings{Kim:2012,
 author = {Kim, Myung Hee and Compton, Paul},
 title = {Improving the Performance of a Named Entity Recognition System with Knowledge Acquisition},
 booktitle = {Proceedings of the 18th International Conference on Knowledge Engineering and Knowledge Management},
 series = {EKAW'12},
 year = {2012},
 isbn = {978-3-642-33875-5},
 location = {Galway City, Ireland},
 pages = {97--113},
 numpages = {17},
 url = {http://dx.doi.org/10.1007/978-3-642-33876-2_11},
 doi = {10.1007/978-3-642-33876-2_11},
 acmid = {2413957},
 publisher = {Springer-Verlag},
 address = {Berlin, Heidelberg},
 keywords = {named entity recognition, ripple-down rules},
} 

@inproceedings{Gornerup:2015,
 author = {Gornerup, Olof and Gillblad, Daniel and Vasiloudis, Theodore},
 title = {Knowing an Object by the Company It Keeps: A Domain-Agnostic Scheme for Similarity Discovery},
 booktitle = {Proceedings of the 2015 IEEE International Conference on Data Mining (ICDM)},
 series = {ICDM '15},
 year = {2015},
 isbn = {978-1-4673-9504-5},
 pages = {121--130},
 numpages = {10},
 url = {http://dx.doi.org/10.1109/ICDM.2015.85},
 doi = {10.1109/ICDM.2015.85},
 acmid = {2920602},
 publisher = {IEEE Computer Society},
 address = {Washington, DC, USA},
} 

@article{Firth:1957,
  abstract = {Reprinted in:  Palmer, F. R. (ed.) (1968). Selected Papers of J. R. Firth 1952-59, pages 168-205. Longmans, London. },
  added-at = {2007-10-31T21:25:02.000+0100},
  address = {Oxford},
  author = {Firth, J. R.},
  biburl = {http://puma.uni-kassel.de/bibtex/25e3d6c72cdd123a638f71886d78f3c1e/stumme},
  booktitle = {Studies in Linguistic Analysis (special volume of the Philological Society)},
  interhash = {b4f769667fdd195b4a75f61f6388a52e},
  intrahash = {5e3d6c72cdd123a638f71886d78f3c1e},
  keywords = {distributional measure measures relatedness similarity theory},
  pages = {1-32},
  publisher = {The Philological Society},
  timestamp = {2007-10-31T21:25:02.000+0100},
  title = {A synopsis of linguistic theory 1930-55.},
  volume = {1952-59},
  year = 1957
}

@book{WiumLie99,
           author = {Hakon Wium Lie and Bert Bos},
           title = {Cascading Style Sheets:Designing for the Web, 2nd Edition},
           year = {1999},
           pages = {416},
           publisher = {Addison-Wesley Professional},
           isbn = {0-201-59625-3},
}

@inproceedings{Weninger:2012,
 author = {Weninger, Tim and Bisk, Yonatan and Han, Jiawei},
 title = {Document-topic Hierarchies from Document Graphs},
 booktitle = {Proceedings of the 21st ACM International Conference on Information and Knowledge Management},
 series = {CIKM '12},
 year = {2012},
 isbn = {978-1-4503-1156-4},
 location = {Maui, Hawaii, USA},
 pages = {635--644},
 numpages = {10},
 url = {http://doi.acm.org/10.1145/2396761.2396843},
 doi = {10.1145/2396761.2396843},
 acmid = {2396843},
 publisher = {ACM},
 address = {New York, NY, USA},
 keywords = {bayesian generative models, hierarchical clustering, model evaluation, topic models},
}

@article{Yujian:2007,
 author = {Yujian, Li and Bo, Liu},
 title = {A Normalized Levenshtein Distance Metric},
 journal = {IEEE Trans. Pattern Anal. Mach. Intell.},
 issue_date = {June 2007},
 volume = {29},
 number = {6},
 month = jun,
 year = {2007},
 issn = {0162-8828},
 pages = {1091--1095},
 numpages = {5},
 url = {http://dx.doi.org/10.1109/TPAMI.2007.1078},
 doi = {10.1109/TPAMI.2007.1078},
 acmid = {1263466},
 publisher = {IEEE Computer Society},
 address = {Washington, DC, USA},
 keywords = {AESA., Levenshtein distance, Sequence comparison, Sequence comparison, Levenshtein distance, normalized edit distance, metric, AESA., metric, normalized edit distance},
} 
@article{Pons:2006,
author = {Pons and Pascal and Latapy and Matthieu},
journal = {Journal of Graph Algorithms and Applications},
keywords = {community structure of a network; Walktrap},
language = {eng},
number = {2},
pages = {191-218},
publisher = {Brown University, Providence, RI; University of Texas, Dallas},
title = {Computing communities in large networks using random walks.},
url = {http://eudml.org/doc/55419},
volume = {10},
year = {2006},
}

@inproceedings{Zamir:1998,
 author = {Zamir, Oren and Etzioni, Oren},
 title = {Web Document Clustering: A Feasibility Demonstration},
 booktitle = {Proceedings of the 21st Annual International ACM SIGIR Conference on Research and Development in Information Retrieval},
 series = {SIGIR '98},
 year = {1998},
 isbn = {1-58113-015-5},
 location = {Melbourne, Australia},
 pages = {46--54},
 numpages = {9},
 doi = {10.1145/290941.290956},
 acmid = {290956},
 publisher = {ACM},
 address = {New York, NY, USA},
} 

@article{Chehreghani:2008,
 author = {Chehreghani, Morteza Haghir and Abolhassani, Hassan and Chehreghani, Mostafa Haghir},
 title = {Improving Density-based Methods for Hierarchical Clustering of Web Pages},
 journal = {Data Knowl. Eng.},
 issue_date = {October, 2008},
 volume = {67},
 number = {1},
 month = oct,
 year = {2008},
 issn = {0169-023X},
 pages = {30--50},
 numpages = {21},
 doi = {10.1016/j.datak.2008.06.006},
 acmid = {1410864},
 publisher = {Elsevier Science Publishers B. V.},
 address = {Amsterdam, The Netherlands, The Netherlands},
 keywords = {Average linkage, Density-based approaches, Hierarchical clustering, Single linkage, Web clustering}
} 

@inproceedings{Haveliwala:2002,
 author = {Haveliwala, Taher H. and Gionis, Aristides and Klein, Dan and Indyk, Piotr},
 title = {Evaluating Strategies for Similarity Search on the Web},
 booktitle = {Proceedings of the 11th International Conference on World Wide Web},
 series = {WWW '02},
 year = {2002},
 isbn = {1-58113-449-5},
 location = {Honolulu, Hawaii, USA},
 pages = {432--442},
 numpages = {11},
 doi = {10.1145/511446.511502},
 acmid = {511502},
 publisher = {ACM},
 address = {New York, NY, USA},
 keywords = {evaluation, open directory project, related pages, search, similarity search}
}

@inproceedings{Buttler:2004,
  author    = {David Buttler},
  title     = {A Short Survey of Document Structure Similarity Algorithms},
  booktitle = {Proceedings of the International Conference on Internet Computing,
               {IC} '04, Las Vegas, Nevada, USA, June 21-24, 2004, Volume 1},
  pages     = {3--9},
  year      = {2004},
  timestamp = {Fri, 19 Nov 2004 14:31:15 +0100}
}

@proceedings{DBLP:conf/ic/2004-1,
  editor    = {Hamid R. Arabnia and
               Olaf Droegehorn},
  title     = {Proceedings of the International Conference on Internet Computing,
               {IC} '04, Las Vegas, Nevada, USA, June 21-24, 2004, Volume 1},
  publisher = {{CSREA} Press},
  year      = {2004},
  isbn      = {1-932415-44-0},
  timestamp = {Fri, 19 Nov 2004 14:31:15 +0100},
  bibsource = {dblp computer science bibliography, http://dblp.org}
}

@inproceedings{Bohunsky:2010,
 author = {Bohunsky, Paul and Gatterbauer, Wolfgang},
 title = {Visual Structure-based Web Page Clustering and Retrieval},
 booktitle = {Proceedings of the 19th International Conference on World Wide Web},
 series = {WWW '10},
 year = {2010},
 isbn = {978-1-60558-799-8},
 location = {Raleigh, North Carolina, USA},
 pages = {1067--1068},
 numpages = {2},
 doi = {10.1145/1772690.1772807},
 acmid = {1772807},
 publisher = {ACM},
 address = {New York, NY, USA},
 keywords = {similarity measures, web page clustering, web page representation, web page retrieval}
} 

@inproceedings{Qi:2006,
 author = {Qi, Xiaoguang and Davison, Brian D.},
 title = {Knowing a Web Page by the Company It Keeps},
 booktitle = {Proceedings of the 15th ACM International Conference on Information and Knowledge Management},
 series = {CIKM '06},
 year = {2006},
 isbn = {1-59593-433-2},
 location = {Arlington, Virginia, USA},
 pages = {228--237},
 numpages = {10},
 doi = {10.1145/1183614.1183650},
 acmid = {1183650},
 publisher = {ACM},
 address = {New York, NY, USA},
 keywords = {SVM, neighboring, rainbow, web page classification},
} 
@article{He:2002,
 author = {He, Xiaofeng and Zha, Hongyuan and H.Q. Ding, Chris and D. Simon, Horst},
 title = {Web Document Clustering Using Hyperlink Structures},
 journal = {Comput. Stat. Data Anal.},
 issue_date = {November, 2002},
 volume = {41},
 number = {1},
 month = nov,
 year = {2002},
 issn = {0167-9473},
 pages = {19--45},
 numpages = {27},
 doi = {10.1016/S0167-9473(02)00070-1},
 acmid = {2295597},
 publisher = {Elsevier Science Publishers B. V.},
 address = {Amsterdam, The Netherlands, The Netherlands},
 keywords = {Cheeger constant, Clustering method, Eigenvalue decomposition, Graph partitioning, K-means method, Link structure, Normalized cut method, Similarity metric, World Wide Web},
} 

@inproceedings{Modha:2000,
 author = {Modha, Dharmendra S. and Spangler, W. Scott},
 title = {Clustering Hypertext with Applications to Web Searching},
 booktitle = {Proceedings of the Eleventh ACM on Hypertext and Hypermedia},
 series = {HYPERTEXT '00},
 year = {2000},
 isbn = {1-58113-227-1},
 location = {San Antonio, Texas, USA},
 pages = {143--152},
 numpages = {10},
 doi = {10.1145/336296.336351},
 acmid = {336351},
 publisher = {ACM},
 address = {New York, NY, USA},
 keywords = {cluster annotation, feature combination, high-dimensional data, hyperlinks, sparse data, toric k-means algorithm, vector space model},
} 

@inproceedings{Wang:2002,
 author = {Wang, Yitong and Kitsuregawa, Masaru},
 title = {Evaluating Contents-link Coupled Web Page Clustering for Web Search Results},
 booktitle = {Proceedings of the Eleventh International Conference on Information and Knowledge Management},
 series = {CIKM '02},
 year = {2002},
 isbn = {1-58113-492-4},
 location = {McLean, Virginia, USA},
 pages = {499--506},
 numpages = {8},
 doi = {10.1145/584792.584875},
 acmid = {584875},
 publisher = {ACM},
 address = {New York, NY, USA},
 keywords = {anchor window, co-citation, coupling, snippet},
} 

@inproceedings{Drost:2005,
  added-at = {2009-09-12T00:00:00.000+0200},
  author = {Drost, Isabel and Bickel, Steffen and Scheffer, Tobias},
  booktitle = {GfKl},
  crossref = {conf/gfkl/2005},
  date = {2009-09-12},
  description = {dblp},
  editor = {Spiliopoulou, Myra and Kruse, Rudolf and Borgelt, Christian and Nürnberger, Andreas and Gaul, Wolfgang},
  ee = {http://dx.doi.org/10.1007/3-540-31314-1_41},
  interhash = {de380643236ed868fef2ff52823aa5ac},
  intrahash = {0d41edc133a48088d4ab5eabf8ec874d},
  isbn = {978-3-540-31313-7},
  keywords = {dblp},
  pages = {342-349},
  publisher = {Springer},
  series = {Studies in Classification, Data Analysis, and Knowledge Organization},
  timestamp = {2009-09-15T11:35:05.000+0200},
  title = {Discovering Communities in Linked Data by Multi-view Clustering.},
  year = 2005
}

@inproceedings{Glover:2002,
 author = {Glover, Eric J. and Tsioutsiouliklis, Kostas and Lawrence, Steve and Pennock, David M. and Flake, Gary W.},
 title = {Using Web Structure for Classifying and Describing Web Pages},
 booktitle = {Proceedings of the 11th International Conference on World Wide Web},
 series = {WWW '02},
 year = {2002},
 isbn = {1-58113-449-5},
 location = {Honolulu, Hawaii, USA},
 pages = {562--569},
 numpages = {8},
 doi = {10.1145/511446.511520},
 acmid = {511520},
 publisher = {ACM},
 address = {New York, NY, USA},
 keywords = {SVM, anchortext, classification, cluster naming, entropy based feature extraction, evaluation, web directory, web structure},
} 

@ARTICLE{Anami:2014,
title = {Machine Learning Techniques in Web Content Mining: A Comparative Analysis},
author = {Anami, Basavaraj S. and Wadawadagi, Ramesh S. and Pagi, Veerappa B.},
year = {2014},
journal = {Journal of Information \& Knowledge Management (JIKM)},
volume = {13},
number = {01}
}

@inproceedings{Angelova:2006,
 author = {Angelova, Ralitsa and Siersdorfer, Stefan},
 title = {A Neighborhood-based Approach for Clustering of Linked Document Collections},
 booktitle = {Proceedings of the 15th ACM International Conference on Information and Knowledge Management},
 series = {CIKM '06},
 year = {2006},
 isbn = {1-59593-433-2},
 location = {Arlington, Virginia, USA},
 pages = {778--779},
 numpages = {2},
 doi = {10.1145/1183614.1183726},
 acmid = {1183726},
 publisher = {ACM},
 address = {New York, NY, USA},
 keywords = {clustering, exploiting link structure},
} 

@article{Halkidi:2003,
 author = {Halkidi, Maria and Nguyen, Benjamin and Varlamis, Iraklis and Vazirgiannis, Michalis},
 title = {THESUS: Organizing Web Document Collections Based on Link Semantics},
 journal = {The VLDB Journal},
 issue_date = {November 2003},
 volume = {12},
 number = {4},
 month = nov,
 year = {2003},
 issn = {1066-8888},
 pages = {320--332},
 numpages = {13},
 doi = {10.1007/s00778-003-0100-6},
 acmid = {953242},
 publisher = {Springer-Verlag New York, Inc.},
 address = {Secaucus, NJ, USA},
 keywords = {Document clustering, Link analysis, Link management, Semantics, Similarity measure, World Wide Web},
} 
@inproceedings{Calado:2003,
 author = {Calado, P\'{a}vel and Cristo, Marco and Moura, Edleno and Ziviani, Nivio and Ribeiro-Neto, Berthier and Gon\c{c}alves, Marcos Andr{\'e}},
 title = {Combining Link-based and Content-based Methods for Web Document Classification},
 booktitle = {Proceedings of the Twelfth International Conference on Information and Knowledge Management},
 series = {CIKM '03},
 year = {2003},
 isbn = {1-58113-723-0},
 location = {New Orleans, LA, USA},
 pages = {394--401},
 numpages = {8},
 doi = {10.1145/956863.956938},
 acmid = {956938},
 publisher = {ACM},
 address = {New York, NY, USA},
 keywords = {Bayesian networks, classification, link analysis, web},
} 
@inproceedings{Zhu:2007,
 author = {Zhu, Shenghuo and Yu, Kai and Chi, Yun and Gong, Yihong},
 title = {Combining Content and Link for Classification Using Matrix Factorization},
 booktitle = {Proceedings of the 30th Annual International ACM SIGIR Conference on Research and Development in Information Retrieval},
 series = {SIGIR '07},
 year = {2007},
 isbn = {978-1-59593-597-7},
 location = {Amsterdam, The Netherlands},
 pages = {487--494},
 numpages = {8},
 doi = {10.1145/1277741.1277825},
 acmid = {1277825},
 publisher = {ACM},
 address = {New York, NY, USA},
 keywords = {analysis, factor, link structure, matrix factorization, text content},
} 
@article{Turney:2010,
 author = {Turney, Peter D. and Pantel, Patrick},
 title = {From Frequency to Meaning: Vector Space Models of Semantics},
 journal = {J. Artif. Int. Res.},
 issue_date = {January 2010},
 volume = {37},
 number = {1},
 month = jan,
 year = {2010},
 issn = {1076-9757},
 pages = {141--188},
 numpages = {48},
 acmid = {1861756},
 publisher = {AI Access Foundation},
 address = {USA},
} 

@inproceedings{Cristo:2003,
  author    = {Marco Cristo and
               P{\'{a}}vel Calado and
               Edleno Silva de Moura and
               Nivio Ziviani and
               Berthier A. Ribeiro{-}Neto},
  title     = {Link Information as a Similarity Measure in Web Classification},
  booktitle = {String Processing and Information Retrieval, 10th International Symposium,
               {SPIRE} 2003, Manaus, Brazil, October 8-10, 2003, Proceedings},
  pages     = {43--55},
  year      = {2003},
  crossref  = {DBLP:conf/spire/2003},
  doi       = {{10.1007/978-3-540-39984-1_4}},
  timestamp = {Tue, 05 Jul 2011 17:30:49 +0200},
}
@article{Kessler:1963,
    author = {Kessler, M. M.},
    citeulike-article-id = {584486},
    journal = {American Documentation},
    keywords = {2get, bibliometrics, information-retrieval, information-science, prodei, seminal},
    pages = {10--25},
    posted-at = {2006-04-12 18:20:03},
    priority = {2},
    title = {Bibliographic coupling between scientific papers},
    volume = {14},
    year = {1963}
}

@article{Small:1973,
  added-at = {2011-11-07T14:24:08.000+0100},
  author = {Small, Henry},
  description = {Co-citation in the scientific literature: A new measure of the relationship between two documents - Small - 2007 - Journal of the American Society for Information Science - Wiley Online Library},
  doi = {10.1002/asi.4630240406},
  interhash = {dfbb7636c96853cc258878548c12d12f},
  intrahash = {1dc18dfe50667ff19d5cfa9d52d3e37b},
  issn = {1097-4571},
  journal = {Journal of the American Society for Information Science},
  keywords = {10th citation cocitation literature scientific},
  number = 4,
  pages = {265--269},
  publisher = {Wiley Subscription Services, Inc., A Wiley Company},
  timestamp = {2011-11-07T14:24:53.000+0100},
  title = {Co-citation in the scientific literature: A new measure of the relationship between two documents},
  volume = 24,
  year = 1973
}


@inproceedings{Fisher:2003,
 author = {Fisher, Michelle and Everson, Richard},
 title = {When Are Links Useful? Experiments in Text Classification},
 booktitle = {Proceedings of the 25th European Conference on IR Research},
 series = {ECIR'03},
 year = {2003},
 isbn = {3-540-01274-5},
 location = {Pisa, Italy},
 pages = {41--56},
 numpages = {16},
 acmid = {1757794},
 publisher = {Springer-Verlag},
 address = {Berlin, Heidelberg},
}

@inproceedings{Tang:2015,
 author = {Tang, Jian and Qu, Meng and Wang, Mingzhe and Zhang, Ming and Yan, Jun and Mei, Qiaozhu},
 title = {LINE: Large-scale Information Network Embedding},
 booktitle = {Proceedings of the 24th International Conference on World Wide Web},
 series = {WWW '15},
 year = {2015},
 isbn = {978-1-4503-3469-3},
 location = {Florence, Italy},
 pages = {1067--1077},
 numpages = {11},
 doi = {10.1145/2736277.2741093},
 acmid = {2741093},
 publisher = {ACM},
 address = {New York, NY, USA},
 keywords = {dimension reduction, feature learning, information network embedding, scalability},
} 

@inproceedings{Perozzi:2014,
 author = {Perozzi, Bryan and Al-Rfou, Rami and Skiena, Steven},
 title = {DeepWalk: Online Learning of Social Representations},
 booktitle = {Proceedings of the 20th ACM SIGKDD International Conference on Knowledge Discovery and Data Mining},
 series = {KDD '14},
 year = {2014},
 isbn = {978-1-4503-2956-9},
 location = {New York, New York, USA},
 pages = {701--710},
 numpages = {10},
 doi = {10.1145/2623330.2623732},
 acmid = {2623732},
 publisher = {ACM},
 address = {New York, NY, USA},
 keywords = {deep learning, latent representations, learning with partial labels, network classification, online learning, social networks},
} 

@inproceedings{Zhou:2010,
 author = {Zhou, Yang and Cheng, Hong and Yu, Jeffrey Xu},
 title = {Clustering Large Attributed Graphs: An Efficient Incremental Approach},
 booktitle = {Proceedings of the 2010 IEEE International Conference on Data Mining},
 series = {ICDM '10},
 year = {2010},
 isbn = {978-0-7695-4256-0},
 pages = {689--698},
 numpages = {10},
 doi = {10.1109/ICDM.2010.41},
 acmid = {1934519},
 publisher = {IEEE Computer Society},
 address = {Washington, DC, USA},
 keywords = {graph clustering, incremental computation},
} 

@incollection{Mikolov:2013,
title = {Distributed Representations of Words and Phrases and their Compositionality},
author = {Mikolov, Tomas and Sutskever, Ilya and Chen, Kai and Corrado, Greg S and Dean, Jeff},
booktitle = {Advances in Neural Information Processing Systems 26},
pages = {3111--3119},
year = {2013},
publisher = {Curran Associates, Inc.}
}

@inproceedings{Fathi:2004,
  title={Web documents classification using text, anchor, title and metadata information},
  author={Fathi, Mohamed and Adly, N and Nagi, M},
  booktitle={Proceedings of the international conference on computer science, software engineering, information technology, e-Business and Applications},
  pages={1--8},
  year={2004}
}

@article{Halko:2011,
 author = {Halko, N. and Martinsson, P. G. and Tropp, J. A.},
 title = {Finding Structure with Randomness: Probabilistic Algorithms for Constructing Approximate Matrix Decompositions},
 journal = {SIAM Rev.},
 issue_date = {May 2011},
 volume = {53},
 number = {2},
 month = may,
 year = {2011},
 issn = {0036-1445},
 pages = {217--288},
 numpages = {72},
 doi = {10.1137/090771806},
 acmid = {2078881},
 publisher = {Society for Industrial and Applied Mathematics},
 address = {Philadelphia, PA, USA},
 keywords = {Johnson-Lindenstrauss lemma, dimension reduction, eigenvalue decomposition, interpolative decomposition, matrix approximation, parallel algorithm, pass-efficient algorithm, principal component analysis, random matrix, randomized algorithm, rank-revealing QR factorization, singular value decomposition, streaming algorithm},
} 

@article{Campello:2013,
 author = {Campello, Ricardo J. G. B. and Moulavi and Sander, J\"{o}rg},
 title = {Density-Based Clustering Based on Hierarchical Density Estimates},
 journal = { Advances in Knowledge Discovery and Data Mining},
 issue_date = {2013},
 year = {2013},
}

@article{Yujian:2007,
 author = {Yujian, Li and Bo, Liu},
 title = {A Normalized Levenshtein Distance Metric},
 journal = {IEEE Trans. Pattern Anal. Mach. Intell.},
 issue_date = {June 2007},
 volume = {29},
 number = {6},
 month = jun,
 year = {2007},
 issn = {0162-8828},
 pages = {1091--1095},
 numpages = {5},
 url = {http://dx.doi.org/10.1109/TPAMI.2007.1078},
 doi = {10.1109/TPAMI.2007.1078},
 acmid = {1263466},
 publisher = {IEEE Computer Society},
 address = {Washington, DC, USA},
 keywords = {AESA., Levenshtein distance, Sequence comparison, Sequence comparison, Levenshtein distance, normalized edit distance, metric, AESA., metric, normalized edit distance},
} 
 
 @article{Demaine:2009,
 author = {Demaine, Erik D. and Mozes, Shay and Rossman, Benjamin and Weimann, Oren},
 title = {An Optimal Decomposition Algorithm for Tree Edit Distance},
 journal = {ACM Trans. Algorithms},
 issue_date = {December 2009},
 volume = {6},
 number = {1},
 month = dec,
 year = {2009},
 issn = {1549-6325},
 pages = {2:1--2:19},
 articleno = {2},
 numpages = {19},
 url = {http://doi.acm.org/10.1145/1644015.1644017},
 doi = {10.1145/1644015.1644017},
 acmid = {1644017},
 publisher = {ACM},
 address = {New York, NY, USA},
 keywords = {Decomposition strategy, dynamic programming, edit distance, ordered trees, tree edit distance},
} 

@ARTICLE{Pons:2005,
   author = {{Pons}, P. and {Latapy}, M.},
    title = "{Computing communities in large networks using random walks (long version)}",
  journal = {ArXiv Physics e-prints},
   eprint = {physics/0512106},
 keywords = {Physics - Physics and Society, Condensed Matter - Disordered Systems and Neural Networks, Condensed Matter - Statistical Mechanics},
     year = 2005,
    month = dec,
  adsnote = {Provided by the SAO/NASA Astrophysics Data System}
}

@article{Sahlgren:2008,
author = {Sahlgren, Magnus},
journal = {Italian Journal of Linguistics},
keywords = {SML-LIB-BIBLIO,distributional measures},
mendeley-tags = {SML-LIB-BIBLIO,distributional measures},
number = {1},
pages = {33--54},
title = {{The distributional hypothesis}},
volume = {20},
year = {2008}
}

@article{Helmer:2012,
 author = {Helmer, Sven and Augsten, Nikolaus and B\"{o}hlen, Michael},
 title = {Measuring Structural Similarity of Semistructured Data Based on Information-theoretic Approaches},
 journal = {The VLDB Journal},
 issue_date = {October   2012},
 volume = {21},
 number = {5},
 month = oct,
 year = {2012},
 issn = {1066-8888},
 pages = {677--702},
 numpages = {26},
 doi = {10.1007/s00778-012-0263-0},
 acmid = {2387348},
 publisher = {Springer-Verlag New York, Inc.},
 address = {Secaucus, NJ, USA},
 keywords = {Clustering, Semistructured documents, Similarity measures, XML},
} 

@inproceedings{vMeasure,
  added-at = {2011-09-18T23:01:04.000+0200},
  author = {Rosenberg, Andrew and Hirschberg, Julia},
  booktitle = {Proceedings of the 2007 Joint Conference on Empirical Methods in NLP and Computational Natural Language Learning(EMNLP-CoNLL)},
  description = {ESOM},
  interhash = {07bb9cbf44b156e34d57c40b9d2fd314},
  intrahash = {38531ca6d31f767da8aef74bd6dadcf7},
  keywords = {cluster clustering measure v-measure validation},
  pages = {410--420},
  timestamp = {2013-11-23T20:11:51.000+0100},
  title = {{V}-Measure: A Conditional Entropy-Based External Cluster Evaluation Measure},
  year = 2007
}

@article{ARI,
  added-at = {2009-08-17T10:11:23.000+0200},
  author = {Hubert, L. and Arabie, P.},
  interhash = {c9272c8f9d5aff7ebe43325b5b36ba39},
  intrahash = {4a3c884446b9c874b40588f9d86c0f6c},
  journal = {Journal of classification},
  keywords = {adjusted ari clustering evaluation index rand},
  number = 1,
  pages = {193--218},
  publisher = {Springer},
  timestamp = {2009-08-17T10:11:23.000+0200},
  title = {{Comparing partitions}},
  volume = 2,
  year = 1985
}

@inproceedings{zhang00exploring,
    author = "Xiuzhen Zhang and Guozhu Dong and Kotagiri Ramamohanarao",
    title = "Exploring constraints to efficiently mine emerging patterns from large high-dimensional datasets",
    booktitle = "Knowledge Discovery and Data Mining",
    pages = "310--314",
    year = "2000",
		url = "citeseer.ist.psu.edu/zhang00exploring.html" 
		}
		
@article{10.1109/TKDE.2005.183,
author = {Doug Burdick and Manuel Calimlim and Jason Flannick and Johannes Gehrke and Tomi Yiu},
title = {{MAFIA}: A Maximal Frequent Itemset Algorithm},
journal ={IEEE Transactions on Knowledge and Data Engineering},
volume = {17},
number = {11},
issn = {1041-4347},
year = {2005},
pages = {1490-1504},
doi = {http://doi.ieeecomputersociety.org/10.1109/TKDE.2005.183},
publisher = {IEEE Computer Society},
address = {Los Alamitos, CA, USA},
}
@article{DBLP:journals/jiis/CeciA06,
  author    = {Michelangelo Ceci and
               Annalisa Appice},
  title     = {Spatial associative classification: propositional vs structural
               approach},
  journal   = {J. Intell. Inf. Syst.},
  volume    = {27},
  number    = {3},
  year      = {2006},
  pages     = {191-213},
  ee        = {http://dx.doi.org/10.1007/s10844-006-9950-x},
  bibsource = {DBLP, http://dblp.uni-trier.de}
}


@inproceedings{salvemini:2011,
  author    = {Eliana Salvemini and
               Fabio Fumarola and
               Donato Malerba and
               Jiawei Han},
  title     = {{FAST} Sequence Mining Based on Sparse Id-Lists},
  booktitle = {ISMIS},
  year      = {2011},
  pages     = {316-325},
  ee        = {http://dx.doi.org/10.1007/978-3-642-21916-0_35},
  crossref  = {DBLP:conf/ismis/2011},
  bibsource = {DBLP, http://dblp.uni-trier.de}
}
@proceedings{DBLP:conf/ismis/2011,
  editor    = {Marzena Kryszkiewicz and
               Henryk Rybinski and
               Andrzej Skowron and
               Zbigniew W. Ras},
  title     = {Foundations of Intelligent Systems - 19th International
               Symposium, ISMIS 2011, Warsaw, Poland, June 28-30, 2011.
               Proceedings},
  booktitle = {ISMIS},
  publisher = {Springer},
  series    = {Lecture Notes in Computer Science},
  volume    = {6804},
  year      = {2011},
  isbn      = {978-3-642-21915-3},
  ee        = {http://dx.doi.org/10.1007/978-3-642-21916-0},
  bibsource = {DBLP, http://dblp.uni-trier.de}
}


@article{Wang:2007,
 author = {Wang, Jianyong and Han, Jiawei and Li, Chun},
 title = {Frequent Closed Sequence Mining without Candidate Maintenance},
 journal = {IEEE Trans. on Knowl. and Data Eng.},
 volume = {19},
 issue = {8},
 month = {August},
 year = {2007},
 issn = {1041-4347},
 pages = {1042--1056},
 numpages = {15},
 url = {http://dx.doi.org/10.1109/TKDE.2007.1043},
 doi = {http://dx.doi.org/10.1109/TKDE.2007.1043},
 acmid = {1272118},
 publisher = {IEEE Educational Activities Department},
 address = {Piscataway, NJ, USA},
 keywords = {Data mining, frequent closed sequences, BI-Directional Extension.},
} 

@inproceedings{Agrawal:1995,
 author = {Agrawal, Rakesh and Srikant, Ramakrishnan},
 title = {Mining Sequential Patterns},
 booktitle = {Proceedings of the Eleventh International Conference on Data Engineering},
 series = {ICDE '95},
 year = {1995},
 isbn = {0-8186-6910-1},
 pages = {3--14},
 numpages = {12},
 url = {http://portal.acm.org/citation.cfm?id=645480.655281},
 acmid = {655281},
 publisher = {IEEE Computer Society},
 address = {Washington, DC, USA},
 keywords = {AprioriAll, AprioriSome, algorithms, customer transactions, customer-ID, knowledge acquisition, large database, pattern matching, retail data processing, scale-up properties, sequential pattern mining, transaction time, very large databases},
} 

@article{Zhu:2010,
  author    = {Jingjun Zhu, Haiyan Wu, Guozhu Gao},
  title     = {An Efficient Method of Web Sequential Pattern Mining Based on Session Filter and Transaction Identification},
  journal   = {Journal of Networks},
  volume    = {5},
  number    = {9},
  year      = {2010},
  pages     = {1017-1024},
  ee        = {doi:10.4304/jnw.5.9.1017-1024},
}

@article{Exarchos:2008,
 author = {Exarchos, Themis P. and Tsipouras, Markos G. and Papaloukas, Costas and Fotiadis, Dimitrios I.},
 title = {A two-stage methodology for sequence classification based on sequential pattern mining and optimization},
 journal = {Data \& Knowledge Engineering },
 volume = {66},
 issue = {3},
 month = {September},
 year = {2008},
 issn = {0169-023X},
 pages = {467--487},
 numpages = {21},
 url = {http://portal.acm.org/citation.cfm?id=1399653.1399877},
 doi = {10.1016/j.datak.2008.05.007},
 acmid = {1399877},
 publisher = {Elsevier Science Publishers B. V.},
 address = {Amsterdam, The Netherlands, The Netherlands},
 keywords = {Sequence classification, Sequential pattern matching, Sequential pattern mining},
} 

@article{Zhenmin:2006,
author = {Zhenmin Li and Shan Lu and Suvda Myagmar and Yuanyuan Zhou},
title = {CP-Miner: Finding Copy-Paste and Related Bugs in Large-Scale Software Code},
journal ={IEEE Transactions on Software Engineering},
volume = {32},
issn = {0098-5589},
year = {2006},
pages = {176-192},
doi = {http://doi.ieeecomputersociety.org/10.1109/TSE.2006.28},
publisher = {IEEE Computer Society},
address = {Los Alamitos, CA, USA},
}

@article {Turi:2009,
   author = {Turi, Antonio and Loglisci, Corrado and Salvemini, Eliana and Grillo, Giorgio and Malerba, Donato and D'Elia, Domenica},
   affiliation = {Department of Computer Science, University of Bari, Via Orabona 4, 70125 Bari, Italy},
   title = {Computational annotation of {UTR} cis-regulatory modules through Frequent Pattern Mining},
   journal = {BMC Bioinformatics},
   publisher = {BioMed Central},
   issn = {},
   keyword = {Algorithms},
   pages = {1-12},
   volume = {10},
   issue = {0},
   url = {http://dx.doi.org/10.1186/1471-2105-10-S6-S25},
   note = {10.1186/1471-2105-10-S6-S25},
   year = {2009}
}

@inproceedings{prefixspan:2001,
 author = {Pei, Jian and Han, Jiawei and Mortazavi-Asl, Behzad and Pinto, Helen and Chen, Qiming and Dayal, Umeshwar and Hsu, Meichun},
 title = {{PrefixSpan}: Mining Sequential Patterns by Prefix-Projected Growth},
 booktitle = {Proceedings of the 17th International Conference on Data Engineering},
 year = {2001},
 isbn = {0-7695-1001-9},
 pages = {215--224},
 numpages = {10},
 url = {http://dl.acm.org/citation.cfm?id=645484.656379},
 acmid = {656379},
 publisher = {IEEE Computer Society},
 address = {Washington, DC, USA},
}

@inproceedings{Ayres:2002,
 author = {Ayres, Jay and Flannick, Jason and Gehrke, Johannes and Yiu, Tomi},
 title = {Sequential pattern mining using a bitmap representation},
 booktitle = {Proceedings of the eighth ACM SIGKDD international conference on Knowledge discovery and data mining},
 series = {KDD '02},
 year = {2002},
 isbn = {1-58113-567-X},
 location = {Edmonton, Alberta, Canada},
 pages = {429--435},
 numpages = {7},
 url = {http://doi.acm.org/10.1145/775047.775109},
 doi = {10.1145/775047.775109},
 acmid = {775109},
 publisher = {ACM},
 address = {New York, NY, USA},
} 

@article{Zaki:2001,
 author = {Zaki, Mohammed J.},
 title = {{SPADE}: An Efficient Algorithm for Mining Frequent Sequences},
 journal = {Machine Learning},
 issue_date = {January-February 2001},
 volume = {42},
 number = {1-2},
 month = jan,
 year = {2001},
 issn = {0885-6125},
 pages = {31--60},
 numpages = {30},
 url = {http://dx.doi.org/10.1023/A:1007652502315},
 doi = {10.1023/A:1007652502315},
 acmid = {599626},
 publisher = {Kluwer Academic Publishers},
 address = {Hingham, MA, USA},
 keywords = {data mining, frequent patterns, knowledge discovery, sequence mining, sequential patterns}
} 

@incollection{Song:2005,
year={2005},
isbn={978-3-540-27894-8},
booktitle={Advanced Data Mining and Applications},
volume={3584},
series={Lecture Notes in Computer Science},
editor={Li, Xue and Wang, Shuliang and Dong, ZhaoYang},
doi={10.1007/11527503_55},
title={{HVSM}: A New Sequential Pattern Mining Algorithm Using Bitmap Representation},
publisher={Springer Berlin Heidelberg},
author={Song, Shijie and Hu, Huaping and Jin, Shiyao},
pages={455-463}
}

@article{Yang:2005,
author = {Zhenglu Yang and Masaru Kitsuregawa},
title = {{LAPIN-SPAM}: An Improved Algorithm for Mining Sequential Pattern},
journal ={Data Engineering Workshops, 22nd International Conference on},
volume = {0},
isbn = {0-7695-2657-8},
year = {2005},
pages = {1222},
doi = {http://doi.ieeecomputersociety.org/10.1109/ICDE.2005.235},
publisher = {IEEE Computer Society},
address = {Los Alamitos, CA, USA},
}

@inproceedings{Garofalakis:1999,
 author = {Garofalakis, Minos N. and Rastogi, Rajeev and Shim, Kyuseok},
 title = {{SPIRIT}: Sequential Pattern Mining with Regular Expression Constraints},
 booktitle = {Proceedings of the 25th International Conference on Very Large Data Bases},
 series = {VLDB '99},
 year = {1999},
 isbn = {1-55860-615-7},
 pages = {223--234},
 numpages = {12},
 url = {http://dl.acm.org/citation.cfm?id=645925.671514},
 acmid = {671514},
 publisher = {Morgan Kaufmann Publishers Inc.},
 address = {San Francisco, CA, USA},
} 

@INPROCEEDINGS{Yan:2003,
    author = {Xifeng Yan and Jiawei Han and Ramin Afshar},
    title = {{CloSpan}: Mining Closed Sequential Patterns in Large Datasets},
    booktitle = {In SDM},
    year = {2003},
    pages = {166--177}
}

@article{Masseglia:2009,
 author = {Masseglia, F. and Poncelet, P. and Teisseire, M.},
 title = {Efficient mining of sequential patterns with time constraints: Reducing the combinations},
 journal = {Expert Systems with Applications: An International Journal},
 volume = {36},
 issue = {2},
 month = {March},
 year = {2009},
 issn = {0957-4174},
 pages = {2677--2690},
 numpages = {14},
 url = {http://portal.acm.org/citation.cfm?id=1464526.1465280},
 doi = {10.1016/j.eswa.2008.01.021},
 acmid = {1465280},
 publisher = {Pergamon Press, Inc.},
 address = {Tarrytown, NY, USA},
 keywords = {Levelwise algorithms, Sequential patterns, Time constraints},
}

@inproceedings{Fradkin:2010,
 author = {Fradkin, Dmitriy and Moerchen, Fabian},
 title = {Margin-closed frequent sequential pattern mining},
 booktitle = {Proceedings of the ACM SIGKDD Workshop on Useful Patterns},
 series = {UP '10},
 year = {2010},
 isbn = {978-1-4503-0216-6},
 location = {Washington, DC},
 pages = {45--54},
 numpages = {10},
 url = {http://doi.acm.org/10.1145/1816112.1816119},
 doi = {10.1145/1816112.1816119},
 acmid = {1816119},
 publisher = {ACM},
 address = {New York, NY, USA}
} 


@inproceedings{cobra2006,
  author    = {Kuo-Yu Huang and
               Chia-Hui Chang and
               Jiun-Hung Tung and
               Cheng-Tao Ho},
  title     = {{COBRA}: Closed Sequential Pattern Mining Using Bi-phase Reduction
               Approach},
  booktitle = {DaWaK},
  year      = {2006},
  pages     = {280-291},
  ee        = {http://dx.doi.org/10.1007/11823728_27},
  crossref  = {DBLP:conf/dawak/2006},
  bibsource = {DBLP, http://dblp.uni-trier.de}
}
@proceedings{DBLP:conf/dawak/2006,
  editor    = {A. Min Tjoa and
               Juan Trujillo},
  title     = {Data Warehousing and Knowledge Discovery, 8th International
               Conference, DaWaK 2006, Krakow, Poland, September 4-8, 2006,
               Proceedings},
  booktitle = {DaWaK},
  publisher = {Springer},
  series    = {Lecture Notes in Computer Science},
  volume    = {4081},
  year      = {2006},
  isbn      = {3-540-37736-0},
  bibsource = {DBLP, http://dblp.uni-trier.de}
}


@inproceedings{Wang:2003,
 author = {Wang, Jianyong and Han, Jiawei and Pei, Jian},
 title = {{CLOSET}+: searching for the best strategies for mining frequent closed itemsets},
 booktitle = {Proceedings of the ninth ACM SIGKDD international conference on Knowledge discovery and data mining},
 series = {KDD '03},
 year = {2003},
 isbn = {1-58113-737-0},
 location = {Washington, D.C.},
 pages = {236--245},
 numpages = {10},
 url = {http://doi.acm.org/10.1145/956750.956779},
 doi = {10.1145/956750.956779},
 acmid = {956779},
 publisher = {ACM},
 address = {New York, NY, USA},
 keywords = {association rules, frequent closed itemsets, mining methods and algorithms}
} 

@inproceedings{Zaki:2002,
  author    = {Mohammed Javeed Zaki and
               Ching-Jiu Hsiao},
  title     = {{CHARM}: An Efficient Algorithm for Closed Itemset Mining},
  booktitle = {SDM},
  year      = {2002},
  ee        = {http://www.siam.org/meetings/sdm02/proceedings/sdm02-27.pdf},
  crossref  = {DBLP:conf/sdm/2002},
  bibsource = {DBLP, http://dblp.uni-trier.de}
}

@proceedings{DBLP:conf/sdm/2002,
  editor    = {Robert L. Grossman and
               Jiawei Han and
               Vipin Kumar and
               Heikki Mannila and
               Rajeev Motwani},
  title     = {Proceedings of the Second SIAM International Conference
               on Data Mining, Arlington, VA, USA, April 11-13, 2002},
  booktitle = {SDM},
  publisher = {SIAM},
  year      = {2002},
  isbn      = {0-89871-517-2},
  bibsource = {DBLP, http://dblp.uni-trier.de}
}



@article{Chi:2006,
 author = {Chi, Yun and Wang, Haixun and Yu, Philip S. and Muntz, Richard R.},
 title = {Catch the moment: maintaining closed frequent itemsets over a data stream sliding window},
 journal = {Knowledge and Information Systems},
 volume = {10},
 issue = {3},
 month = {October},
 year = {2006},
 issn = {0219-1377},
 pages = {265--294},
 numpages = {30},
 url = {http://portal.acm.org/citation.cfm?id=1165868.1165873},
 doi = {10.1007/s10115-006-0003-0},
 acmid = {1165873},
 publisher = {Springer-Verlag New York, Inc.},
 address = {New York, NY, USA},
 keywords = {Closed frequent itemset, Data streams, Incremental learning, Sliding window},
} 

@MISC{spmf,
      AUTHOR = {Fournier-Viger, Philippe},
      TITLE = {{SPMF}: A Sequential Pattern Mining Framework},
			howpublished={\url{http://www.philippe-fournier-viger.com/spmf/index.php}},
			NOTE = "Accessed: 2014-08-08"
}

 @inproceedings{fimi2003,
 title = {Workshop on frequent itemset mining implementations {FIMI 03} in conjunction with {ICDM 03}},
 booktitle = {http://fimi.cs.helsinki.fi},
 year = {2003},
 }

@book{Han:2005,
 author = {Han, Jiawei},
 title = {Data Mining: Concepts and Techniques},
 year = {2005},
 isbn = {1558609016},
 publisher = {Morgan Kaufmann Publishers Inc.},
 address = {San Francisco, CA, USA},
} 


@inproceedings{Gomariz:2013,
  author    = {Antonio Gomariz and
               Manuel Campos and
               Roque Mar\'{\i}n and
               Bart Goethals},
  title     = {{ClaSP}: An Efficient Algorithm for Mining Frequent Closed
               Sequences},
  booktitle = {PAKDD (1)},
  year      = {2013},
  pages     = {50-61},
  ee        = {http://dx.doi.org/10.1007/978-3-642-37453-1_5},
  crossref  = {DBLP:conf/pakdd/2013-1},
  bibsource = {DBLP, http://dblp.uni-trier.de}
}

@proceedings{DBLP:conf/pakdd/2013-1,
  editor    = {Jian Pei and
               Vincent S. Tseng and
               Longbing Cao and
               Hiroshi Motoda and
               Guandong Xu},
  title     = {Advances in Knowledge Discovery and Data Mining, 17th Pacific-Asia
               Conference, PAKDD 2013, Gold Coast, Australia, April 14-17,
               2013, Proceedings, Part I},
  booktitle = {PAKDD (1)},
  publisher = {Springer},
  series    = {Lecture Notes in Computer Science},
  volume    = {7818},
  year      = {2013},
  isbn      = {978-3-642-37452-4, 978-3-642-37453-1},
  ee        = {http://dx.doi.org/10.1007/978-3-642-37453-1},
  bibsource = {DBLP, http://dblp.uni-trier.de}
}

@article{Jain:2010,
 author = {Jain, Anil K.},
 title = {Data Clustering: 50 Years Beyond K-means},
 journal = {Pattern Recogn. Lett.},
 issue_date = {June, 2010},
 volume = {31},
 number = {8},
 month = jun,
 year = {2010},
 issn = {0167-8655},
 pages = {651--666},
 numpages = {16},
 url = {http://dx.doi.org/10.1016/j.patrec.2009.09.011},
 doi = {10.1016/j.patrec.2009.09.011},
 acmid = {1755654},
 publisher = {Elsevier Science Inc.},
 address = {New York, NY, USA},
 keywords = {Data clustering, Historical developments, King-Sun Fu prize, Perspectives on clustering, User's dilemma},
} 
[download]